2024-12-14 02:53:36,056 - INFO - Logging system initialized.
2024-12-14 02:53:36,065 - INFO - Configuration loaded successfully.
2024-12-14 02:53:36,068 - INFO - Authenticating XT WebSocket
2024-12-14 02:53:37,315 - INFO - Authenticating KuCoin WebSocket
2024-12-14 02:53:38,477 - INFO - XT.com subscription sent: {'method': 'subscribe', 'params': ['depth_update@btc_usdt'], 'id': 1, 'timestamp': 1734141218476}
2024-12-14 02:53:38,859 - INFO - XT.com message received: {'id': '1', 'code': 0, 'msg': 'SUCCESS', 'method': 'subscribe'}
2024-12-14 02:53:39,245 - INFO - KuCoin subscription sent: {'id': 1734141219245, 'type': 'subscribe', 'topic': '/market/ticker:BTC-USDT', 'privateChannel': False, 'response': True}
2024-12-14 02:53:39,285 - INFO - XT.com message received: {'topic': 'depth_update', 'event': 'depth_update@btc_usdt', 'data': {'s': 'btc_usdt', 'fi': 1734085865753, 'i': 1734085865766, 'a': [['102252.98', '0.00419'], ['102252.99', '0.00000'], ['102255.16', '0.53885'], ['102255.22', '0.00000'], ['102255.39', '0.00000']], 'b': [['102251.95', '0.00000'], ['102251.94', '0.00304'], ['102251.35', '0.00000'], ['102251.29', '0.00000'], ['102251.22', '0.48582'], ['102250.48', '0.13008'], ['102250.27', '0.00000']]}}
2024-12-14 02:53:39,436 - INFO - KuCoin message received: {'id': 'f2ea741a-a4fd-451b-9022-71fbfd90df33', 'type': 'welcome'}
2024-12-14 02:53:39,724 - INFO - KuCoin message received: {'id': '1734141219245', 'type': 'ack'}
2024-12-14 02:53:39,759 - INFO - XT.com message received: {'topic': 'depth_update', 'event': 'depth_update@btc_usdt', 'data': {'s': 'btc_usdt', 'fi': 1734085865767, 'i': 1734085865864, 'a': [['102241.94', '0.00182'], ['102242.15', '0.37836'], ['102242.97', '0.06226'], ['102243.25', '0.41118'], ['102243.53', '0.49040'], ['102244.18', '0.07740'], ['102244.83', '0.18783'], ['102245.14', '0.14623'], ['102246.00', '0.24465'], ['102246.35', '0.05860'], ['102246.80', '0.20820'], ['102247.34', '0.05019'], ['102247.83', '0.05793'], ['102248.21', '0.04036'], ['102248.49', '0.00000'], ['102248.81', '0.18258'], ['102249.01', '0.49732'], ['102249.54', '0.28747'], ['102250.11', '0.38187'], ['102250.69', '0.03802'], ['102251.30', '0.14374'], ['102251.86', '0.51485'], ['102252.05', '0.38485'], ['102252.75', '0.17879'], ['102252.98', '0.00104'], ['102491.60', '0.00000'], ['102492.14', '0.00000'], ['102492.80', '0.00000'], ['102493.32', '0.00000'], ['102493.89', '0.00000'], ['102494.25', '0.00000'], ['102494.99', '0.00000'], ['102495.15', '0.00000'], ['102495.91', '0.00000'], ['102496.16', '0.00000'], ['102496.88', '0.00000'], ['102497.14', '0.00000'], ['102497.68', '0.00000'], ['102498.20', '0.00000'], ['102498.79', '0.00000'], ['102499.35', '0.00000'], ['102499.91', '0.00000'], ['102500.32', '0.00000'], ['102500.68', '0.00000'], ['102501.25', '0.00000'], ['102501.58', '0.00000'], ['102502.06', '0.00000']], 'b': [['102251.94', '0.00000'], ['102251.22', '0.00000'], ['102250.74', '0.00000'], ['102250.48', '0.00000'], ['102249.81', '0.00000'], ['102249.38', '0.00000'], ['102248.80', '0.00000'], ['102248.30', '0.00000'], ['102247.54', '0.00000'], ['102247.44', '0.00000'], ['102246.68', '0.00000'], ['102246.33', '0.00000'], ['102245.90', '0.00000'], ['102245.33', '0.00000'], ['102244.62', '0.00000'], ['102244.19', '0.00000'], ['102243.65', '0.00000'], ['102243.39', '0.00000'], ['102242.88', '0.00000'], ['102242.02', '0.00000'], ['102241.89', '0.00000'], ['102241.26', '0.00000'], ['102240.90', '0.00051'], ['102240.85', '0.00000'], ['102234.93', '0.00000'], ['102234.83', '0.08373'], ['102233.36', '0.00000'], ['102233.08', '0.26198'], ['102002.00', '0.40594'], ['102001.36', '0.28071'], ['102000.80', '0.56762'], ['102000.12', '0.55471'], ['101999.57', '0.53759'], ['101999.41', '0.40349'], ['101998.94', '0.10977'], ['101998.06', '0.18456'], ['101997.56', '0.02577'], ['101997.47', '0.30996'], ['101996.54', '0.04289'], ['101996.06', '0.26114'], ['101995.87', '0.35932'], ['101995.15', '0.01553'], ['101994.68', '0.27886'], ['101994.12', '0.12814'], ['101993.76', '0.05002'], ['101993.40', '0.50597'], ['101992.97', '0.11350'], ['101992.33', '0.37691'], ['101991.55', '0.24774'], ['101991.24', '0.25084']]}}
2024-12-14 02:53:39,916 - INFO - KuCoin message received: {'topic': '/market/ticker:BTC-USDT', 'type': 'message', 'subject': 'trade.ticker', 'data': {'bestAsk': '102237.3', 'bestAskSize': '1.25125634', 'bestBid': '102237.2', 'bestBidSize': '0.00169739', 'price': '102249.4', 'sequence': '15679955744', 'size': '0.0015583', 'time': 1734141219895}}
2024-12-14 02:53:39,918 - INFO - KuCoin message received: {'topic': '/market/ticker:BTC-USDT', 'type': 'message', 'subject': 'trade.ticker', 'data': {'bestAsk': '102237.3', 'bestAskSize': '1.29323616', 'bestBid': '102237.2', 'bestBidSize': '0.0999898', 'price': '102249.4', 'sequence': '15679955843', 'size': '0.0015583', 'time': 1734141219895}}
2024-12-14 02:53:40,109 - INFO - KuCoin message received: {'topic': '/market/ticker:BTC-USDT', 'type': 'message', 'subject': 'trade.ticker', 'data': {'bestAsk': '102237.3', 'bestAskSize': '1.29219763', 'bestBid': '102237.2', 'bestBidSize': '0.10269447', 'price': '102249.4', 'sequence': '15679955925', 'size': '0.0015583', 'time': 1734141219895}}
2024-12-14 02:53:40,110 - INFO - KuCoin message received: {'topic': '/market/ticker:BTC-USDT', 'type': 'message', 'subject': 'trade.ticker', 'data': {'bestAsk': '102237.3', 'bestAskSize': '1.29323616', 'bestBid': '102237.2', 'bestBidSize': '0.17599963', 'price': '102249.4', 'sequence': '15679955995', 'size': '0.0015583', 'time': 1734141219895}}
2024-12-14 02:53:40,136 - INFO - XT.com message received: {'topic': 'depth_update', 'event': 'depth_update@btc_usdt', 'data': {'s': 'btc_usdt', 'fi': 1734085865865, 'i': 1734085865865, 'b': [['102240.90', '0.00052']]}}
2024-12-14 19:14:23,717 - INFO - Logging system initialized.
2024-12-14 19:14:23,730 - INFO - Configuration loaded successfully.
2024-12-14 19:14:23,734 - INFO - Authenticating XT WebSocket
2024-12-14 19:14:25,261 - INFO - Authenticating KuCoin WebSocket
2024-12-14 19:14:26,500 - INFO - XT.com subscription sent: {'method': 'subscribe', 'params': ['depth_update@btc_usdt'], 'id': 1, 'timestamp': 1734200066499}
2024-12-14 19:14:26,937 - INFO - XT.com message received: {'id': '1', 'code': 0, 'msg': 'SUCCESS', 'method': 'subscribe'}
2024-12-14 19:14:27,198 - INFO - KuCoin subscription sent: {'id': 1734200067197, 'type': 'subscribe', 'topic': '/market/ticker:BTC-USDT', 'privateChannel': False, 'response': True}
2024-12-14 19:14:27,198 - INFO - KuCoin message received: {'id': 'bd45b5a6-8952-4569-86a7-9491a2ddb0f9', 'type': 'welcome'}
2024-12-14 19:14:27,263 - INFO - XT.com message received: {'topic': 'depth_update', 'event': 'depth_update@btc_usdt', 'data': {'s': 'btc_usdt', 'fi': 1734180191787, 'i': 1734180191801, 'a': [['100955.26', '0.00271'], ['100955.57', '0.04629'], ['100955.65', '0.00000'], ['100956.69', '0.38561'], ['100956.90', '0.00000'], ['100958.88', '0.00000'], ['100958.89', '0.07961'], ['100959.68', '0.02089'], ['100960.06', '0.00000']], 'b': [['100954.24', '0.00328'], ['100953.97', '0.30347'], ['100947.77', '0.43365'], ['100947.60', '0.00000']]}}
2024-12-14 19:14:27,574 - INFO - KuCoin message received: {'id': '1734200067197', 'type': 'ack'}
2024-12-14 19:14:27,811 - INFO - XT.com message received: {'topic': 'depth_update', 'event': 'depth_update@btc_usdt', 'data': {'s': 'btc_usdt', 'fi': 1734180191802, 'i': 1734180191815, 'a': [['100955.26', '0.00000'], ['100955.27', '0.00328'], ['100955.57', '0.00000'], ['100955.84', '0.35835'], ['100957.24', '0.04669'], ['100957.33', '0.00000'], ['100959.11', '0.26310'], ['100959.16', '0.00000'], ['100959.55', '0.00000'], ['100960.20', '0.00000'], ['100960.50', '0.28877']], 'b': [['100954.25', '0.00103'], ['100954.24', '0.00000']]}}
2024-12-14 19:14:27,917 - INFO - KuCoin message received: {'topic': '/market/ticker:BTC-USDT', 'type': 'message', 'subject': 'trade.ticker', 'data': {'bestAsk': '100954.8', 'bestAskSize': '0.09831915', 'bestBid': '100954.7', 'bestBidSize': '0.80215417', 'price': '100964.3', 'sequence': '15688578783', 'size': '0.01', 'time': 1734200062100}}
2024-12-14 19:14:27,918 - INFO - KuCoin message received: {'topic': '/market/ticker:BTC-USDT', 'type': 'message', 'subject': 'trade.ticker', 'data': {'bestAsk': '100954.8', 'bestAskSize': '0.09831915', 'bestBid': '100954.7', 'bestBidSize': '0.92215417', 'price': '100964.3', 'sequence': '15688578784', 'size': '0.01', 'time': 1734200062100}}
2024-12-14 19:14:27,920 - INFO - KuCoin message received: {'topic': '/market/ticker:BTC-USDT', 'type': 'message', 'subject': 'trade.ticker', 'data': {'bestAsk': '100954.8', 'bestAskSize': '0.09831915', 'bestBid': '100954.7', 'bestBidSize': '0.80215417', 'price': '100964.3', 'sequence': '15688578792', 'size': '0.01', 'time': 1734200062100}}
2024-12-14 19:14:28,324 - INFO - KuCoin message received: {'topic': '/market/ticker:BTC-USDT', 'type': 'message', 'subject': 'trade.ticker', 'data': {'bestAsk': '100954.8', 'bestAskSize': '0.09831915', 'bestBid': '100954.7', 'bestBidSize': '0.80215417', 'price': '100964.3', 'sequence': '15688578796', 'size': '0.01', 'time': 1734200062100}}
2024-12-14 19:14:28,326 - INFO - KuCoin message received: {'topic': '/market/ticker:BTC-USDT', 'type': 'message', 'subject': 'trade.ticker', 'data': {'bestAsk': '100954.8', 'bestAskSize': '0.09831915', 'bestBid': '100954.7', 'bestBidSize': '0.92215417', 'price': '100964.3', 'sequence': '15688578803', 'size': '0.01', 'time': 1734200062100}}
2024-12-14 19:14:28,327 - INFO - KuCoin message received: {'topic': '/market/ticker:BTC-USDT', 'type': 'message', 'subject': 'trade.ticker', 'data': {'bestAsk': '100954.8', 'bestAskSize': '0.09831915', 'bestBid': '100954.7', 'bestBidSize': '0.80215417', 'price': '100964.3', 'sequence': '15688578806', 'size': '0.01', 'time': 1734200062100}}
2024-12-14 19:14:28,328 - INFO - XT.com message received: {'topic': 'depth_update', 'event': 'depth_update@btc_usdt', 'data': {'s': 'btc_usdt', 'fi': 1734180191816, 'i': 1734180191823, 'a': [['100955.26', '0.00373'], ['100955.27', '0.00000'], ['100959.68', '0.00000'], ['100959.88', '0.09176']], 'b': [['100954.25', '0.00000'], ['100954.24', '0.00384'], ['100953.97', '0.00000'], ['100953.54', '0.10542']]}}
2024-12-14 19:14:28,631 - INFO - KuCoin message received: {'topic': '/market/ticker:BTC-USDT', 'type': 'message', 'subject': 'trade.ticker', 'data': {'bestAsk': '100954.8', 'bestAskSize': '0.09831915', 'bestBid': '100954.7', 'bestBidSize': '0.62371517', 'price': '100964.3', 'sequence': '15688578819', 'size': '0.01', 'time': 1734200062100}}
2024-12-14 19:14:28,633 - INFO - KuCoin message received: {'topic': '/market/ticker:BTC-USDT', 'type': 'message', 'subject': 'trade.ticker', 'data': {'bestAsk': '100954.8', 'bestAskSize': '0.09831915', 'bestBid': '100954.7', 'bestBidSize': '0.80215417', 'price': '100964.3', 'sequence': '15688578824', 'size': '0.01', 'time': 1734200062100}}
2024-12-14 19:14:28,634 - INFO - KuCoin message received: {'topic': '/market/ticker:BTC-USDT', 'type': 'message', 'subject': 'trade.ticker', 'data': {'bestAsk': '100954.8', 'bestAskSize': '0.09831915', 'bestBid': '100954.7', 'bestBidSize': '0.80215417', 'price': '100964.3', 'sequence': '15688578828', 'size': '0.01', 'time': 1734200062100}}
2024-12-14 19:14:28,636 - INFO - KuCoin message received: {'topic': '/market/ticker:BTC-USDT', 'type': 'message', 'subject': 'trade.ticker', 'data': {'bestAsk': '100954.8', 'bestAskSize': '0.09831915', 'bestBid': '100954.7', 'bestBidSize': '0.80215417', 'price': '100964.3', 'sequence': '15688578834', 'size': '0.01', 'time': 1734200062100}}
2024-12-14 19:14:28,938 - INFO - KuCoin message received: {'topic': '/market/ticker:BTC-USDT', 'type': 'message', 'subject': 'trade.ticker', 'data': {'bestAsk': '100954.8', 'bestAskSize': '0.09831915', 'bestBid': '100954.7', 'bestBidSize': '0.80215417', 'price': '100964.3', 'sequence': '15688578838', 'size': '0.01', 'time': 1734200062100}}
2024-12-14 19:14:28,939 - INFO - KuCoin message received: {'topic': '/market/ticker:BTC-USDT', 'type': 'message', 'subject': 'trade.ticker', 'data': {'bestAsk': '100954.8', 'bestAskSize': '0.09831915', 'bestBid': '100954.7', 'bestBidSize': '0.80225746', 'price': '100964.3', 'sequence': '15688578840', 'size': '0.01', 'time': 1734200062100}}
2024-12-14 19:14:28,941 - INFO - KuCoin message received: {'topic': '/market/ticker:BTC-USDT', 'type': 'message', 'subject': 'trade.ticker', 'data': {'bestAsk': '100954.8', 'bestAskSize': '0.09831915', 'bestBid': '100954.7', 'bestBidSize': '0.92225746', 'price': '100964.3', 'sequence': '15688578851', 'size': '0.01', 'time': 1734200062100}}
2024-12-14 19:14:28,959 - INFO - XT.com message received: {'topic': 'depth_update', 'event': 'depth_update@btc_usdt', 'data': {'s': 'btc_usdt', 'fi': 1734180191824, 'i': 1734180191839, 'a': [['100955.26', '0.00000'], ['100955.27', '0.00090'], ['100955.69', '0.01846'], ['100955.84', '0.00000'], ['100956.66', '0.07039'], ['100956.69', '0.00000'], ['100956.81', '0.00000']], 'b': [['100954.25', '0.00484'], ['100954.24', '0.00000'], ['100948.27', '0.00000'], ['100948.07', '0.00000'], ['100947.96', '0.09462'], ['100947.18', '0.06152'], ['100946.89', '0.00000']]}}
2024-12-14 19:14:29,244 - INFO - KuCoin message received: {'topic': '/market/ticker:BTC-USDT', 'type': 'message', 'subject': 'trade.ticker', 'data': {'bestAsk': '100954.8', 'bestAskSize': '0.09831915', 'bestBid': '100954.7', 'bestBidSize': '0.92225746', 'price': '100964.3', 'sequence': '15688578859', 'size': '0.01', 'time': 1734200062100}}
2024-12-14 19:14:29,552 - INFO - XT.com message received: {'topic': 'depth_update', 'event': 'depth_update@btc_usdt', 'data': {'s': 'btc_usdt', 'fi': 1734180191840, 'i': 1734180191857, 'a': [['100955.27', '0.00488'], ['100955.69', '0.00000'], ['100955.99', '0.48042'], ['100958.18', '0.00000'], ['100958.49', '0.04498'], ['100959.11', '0.00000'], ['100959.60', '0.29406'], ['100959.83', '0.06083'], ['100959.88', '0.00000']], 'b': [['100954.25', '0.00102'], ['100953.84', '0.48877'], ['100953.54', '0.00000'], ['100952.76', '0.00000'], ['100952.73', '0.07610'], ['100948.34', '0.45610'], ['100947.96', '0.00000']]}}
2024-12-14 19:14:29,555 - INFO - KuCoin message received: {'topic': '/market/ticker:BTC-USDT', 'type': 'message', 'subject': 'trade.ticker', 'data': {'bestAsk': '100954.8', 'bestAskSize': '0.09831915', 'bestBid': '100954.7', 'bestBidSize': '0.92225746', 'price': '100964.3', 'sequence': '15688578867', 'size': '0.01', 'time': 1734200062100}}
2024-12-14 19:14:29,556 - INFO - KuCoin message received: {'topic': '/market/ticker:BTC-USDT', 'type': 'message', 'subject': 'trade.ticker', 'data': {'bestAsk': '100954.8', 'bestAskSize': '0.09831915', 'bestBid': '100954.7', 'bestBidSize': '0.92225746', 'price': '100964.3', 'sequence': '15688578868', 'size': '0.01', 'time': 1734200062100}}
2024-12-14 19:14:29,557 - INFO - KuCoin message received: {'topic': '/market/ticker:BTC-USDT', 'type': 'message', 'subject': 'trade.ticker', 'data': {'bestAsk': '100954.8', 'bestAskSize': '0.09831915', 'bestBid': '100954.7', 'bestBidSize': '0.92225746', 'price': '100964.3', 'sequence': '15688578869', 'size': '0.01', 'time': 1734200062100}}
2024-12-14 19:14:29,861 - INFO - KuCoin message received: {'topic': '/market/ticker:BTC-USDT', 'type': 'message', 'subject': 'trade.ticker', 'data': {'bestAsk': '100954.8', 'bestAskSize': '0.09831915', 'bestBid': '100954.7', 'bestBidSize': '0.74381846', 'price': '100964.3', 'sequence': '15688578880', 'size': '0.01', 'time': 1734200062100}}
2024-12-14 19:14:29,862 - INFO - KuCoin message received: {'topic': '/market/ticker:BTC-USDT', 'type': 'message', 'subject': 'trade.ticker', 'data': {'bestAsk': '100954.8', 'bestAskSize': '0.09831915', 'bestBid': '100954.7', 'bestBidSize': '0.92225446', 'price': '100964.3', 'sequence': '15688578889', 'size': '0.01', 'time': 1734200062100}}
2024-12-14 19:14:29,864 - INFO - KuCoin message received: {'topic': '/market/ticker:BTC-USDT', 'type': 'message', 'subject': 'trade.ticker', 'data': {'bestAsk': '100954.8', 'bestAskSize': '0.09831915', 'bestBid': '100954.7', 'bestBidSize': '0.92225446', 'price': '100964.3', 'sequence': '15688578894', 'size': '0.01', 'time': 1734200062100}}
2024-12-14 19:14:29,865 - INFO - XT.com message received: {'topic': 'depth_update', 'event': 'depth_update@btc_usdt', 'data': {'s': 'btc_usdt', 'fi': 1734180191858, 'i': 1734180191859, 'b': [['100954.25', '0.00000'], ['100953.84', '0.48732']]}}
2024-12-14 19:14:30,167 - INFO - KuCoin message received: {'topic': '/market/ticker:BTC-USDT', 'type': 'message', 'subject': 'trade.ticker', 'data': {'bestAsk': '100954.8', 'bestAskSize': '0.09831915', 'bestBid': '100954.7', 'bestBidSize': '0.91929646', 'price': '100954.7', 'sequence': '15688578907', 'size': '0.00191947', 'time': 1734200069605}}
2024-12-14 19:14:30,168 - INFO - XT.com message received: {'topic': 'depth_update', 'event': 'depth_update@btc_usdt', 'data': {'s': 'btc_usdt', 'fi': 1734180191860, 'i': 1734180191874, 'a': [['100955.27', '0.00243'], ['100955.88', '0.36594'], ['100955.99', '0.00000'], ['100961.36', '0.00000'], ['100961.62', '0.31790'], ['100962.25', '0.00000'], ['100962.30', '0.18138']], 'b': [['100953.84', '0.00145'], ['100953.45', '0.00000'], ['100953.03', '0.00000'], ['100952.99', '0.31441'], ['100699.40', '0.24281']]}}
2024-12-14 19:14:30,520 - INFO - KuCoin message received: {'topic': '/market/ticker:BTC-USDT', 'type': 'message', 'subject': 'trade.ticker', 'data': {'bestAsk': '100954.8', 'bestAskSize': '0.09831915', 'bestBid': '100954.7', 'bestBidSize': '0.91929646', 'price': '100954.7', 'sequence': '15688578918', 'size': '0.00191947', 'time': 1734200069605}}
2024-12-14 19:14:30,522 - INFO - KuCoin message received: {'topic': '/market/ticker:BTC-USDT', 'type': 'message', 'subject': 'trade.ticker', 'data': {'bestAsk': '100954.8', 'bestAskSize': '0.09831915', 'bestBid': '100954.7', 'bestBidSize': '0.91929646', 'price': '100954.7', 'sequence': '15688578948', 'size': '0.00191947', 'time': 1734200069605}}
2024-12-14 19:14:30,523 - INFO - KuCoin message received: {'topic': '/market/ticker:BTC-USDT', 'type': 'message', 'subject': 'trade.ticker', 'data': {'bestAsk': '100954.8', 'bestAskSize': '0.09831915', 'bestBid': '100954.7', 'bestBidSize': '0.91929646', 'price': '100954.7', 'sequence': '15688578953', 'size': '0.00191947', 'time': 1734200069605}}
2024-12-14 19:14:30,781 - INFO - XT.com message received: {'topic': 'depth_update', 'event': 'depth_update@btc_usdt', 'data': {'s': 'btc_usdt', 'fi': 1734180191875, 'i': 1734180191882, 'a': [['100955.26', '0.00259'], ['100955.27', '0.00000']], 'b': [['100954.24', '0.00396'], ['100953.84', '0.00000'], ['100953.54', '0.23996'], ['100952.30', '0.27761'], ['100952.16', '0.00000'], ['100699.40', '0.00000']]}}
2024-12-14 19:14:30,809 - INFO - KuCoin message received: {'topic': '/market/ticker:BTC-USDT', 'type': 'message', 'subject': 'trade.ticker', 'data': {'bestAsk': '100954.8', 'bestAskSize': '0.09831915', 'bestBid': '100954.7', 'bestBidSize': '0.91929646', 'price': '100954.7', 'sequence': '15688578955', 'size': '0.00191947', 'time': 1734200069605}}
2024-12-14 19:14:30,811 - INFO - KuCoin message received: {'topic': '/market/ticker:BTC-USDT', 'type': 'message', 'subject': 'trade.ticker', 'data': {'bestAsk': '100954.8', 'bestAskSize': '0.09831915', 'bestBid': '100954.7', 'bestBidSize': '0.91919317', 'price': '100954.7', 'sequence': '15688578967', 'size': '0.00191947', 'time': 1734200069605}}
2024-12-14 19:14:30,812 - INFO - KuCoin message received: {'topic': '/market/ticker:BTC-USDT', 'type': 'message', 'subject': 'trade.ticker', 'data': {'bestAsk': '100954.8', 'bestAskSize': '0.09831915', 'bestBid': '100954.7', 'bestBidSize': '0.74075717', 'price': '100954.7', 'sequence': '15688578973', 'size': '0.00191947', 'time': 1734200069605}}
2024-12-14 19:14:31,088 - INFO - XT.com message received: {'topic': 'depth_update', 'event': 'depth_update@btc_usdt', 'data': {'s': 'btc_usdt', 'fi': 1734180191883, 'i': 1734180191892, 'a': [['100955.26', '0.00118'], ['100955.74', '0.32213'], ['100955.88', '0.00000'], ['100960.41', '0.08751'], ['100960.50', '0.00000']], 'b': [['100954.24', '0.00224'], ['100953.73', '0.32476'], ['100953.54', '0.00000']]}}
2024-12-14 19:14:31,121 - INFO - KuCoin message received: {'topic': '/market/ticker:BTC-USDT', 'type': 'message', 'subject': 'trade.ticker', 'data': {'bestAsk': '100954.8', 'bestAskSize': '0.09831915', 'bestBid': '100954.7', 'bestBidSize': '0.91919317', 'price': '100954.7', 'sequence': '15688578980', 'size': '0.00191947', 'time': 1734200069605}}
2024-12-14 19:14:31,123 - INFO - KuCoin message received: {'topic': '/market/ticker:BTC-USDT', 'type': 'message', 'subject': 'trade.ticker', 'data': {'bestAsk': '100954.8', 'bestAskSize': '0.09831915', 'bestBid': '100954.7', 'bestBidSize': '0.91919317', 'price': '100954.7', 'sequence': '15688578982', 'size': '0.00191947', 'time': 1734200069605}}
2024-12-14 19:14:31,124 - INFO - KuCoin message received: {'topic': '/market/ticker:BTC-USDT', 'type': 'message', 'subject': 'trade.ticker', 'data': {'bestAsk': '100954.8', 'bestAskSize': '0.09831915', 'bestBid': '100954.7', 'bestBidSize': '0.91919317', 'price': '100954.7', 'sequence': '15688578988', 'size': '0.00191947', 'time': 1734200069605}}
2024-12-14 19:14:31,499 - INFO - KuCoin message received: {'topic': '/market/ticker:BTC-USDT', 'type': 'message', 'subject': 'trade.ticker', 'data': {'bestAsk': '100954.8', 'bestAskSize': '0.09831915', 'bestBid': '100954.7', 'bestBidSize': '0.91919317', 'price': '100954.7', 'sequence': '15688578993', 'size': '0.00191947', 'time': 1734200069605}}
2024-12-14 19:14:31,501 - INFO - KuCoin message received: {'topic': '/market/ticker:BTC-USDT', 'type': 'message', 'subject': 'trade.ticker', 'data': {'bestAsk': '100954.8', 'bestAskSize': '0.09831915', 'bestBid': '100954.7', 'bestBidSize': '0.91919317', 'price': '100954.7', 'sequence': '15688579000', 'size': '0.00191947', 'time': 1734200069605}}
2024-12-14 19:14:31,503 - INFO - XT.com message received: {'topic': 'depth_update', 'event': 'depth_update@btc_usdt', 'data': {'s': 'btc_usdt', 'fi': 1734180191893, 'i': 1734180191901, 'a': [['100955.26', '0.00063'], ['100955.74', '0.52247']], 'b': [['100954.24', '0.00021'], ['100953.73', '0.00000'], ['100953.55', '0.44571'], ['100951.86', '0.00000'], ['100951.79', '0.05569']]}}
2024-12-14 19:14:31,806 - INFO - KuCoin message received: {'topic': '/market/ticker:BTC-USDT', 'type': 'message', 'subject': 'trade.ticker', 'data': {'bestAsk': '100954.8', 'bestAskSize': '0.09831915', 'bestBid': '100954.7', 'bestBidSize': '0.91929646', 'price': '100954.7', 'sequence': '15688579005', 'size': '0.00191947', 'time': 1734200069605}}
2024-12-14 19:14:31,808 - INFO - KuCoin message received: {'topic': '/market/ticker:BTC-USDT', 'type': 'message', 'subject': 'trade.ticker', 'data': {'bestAsk': '100954.8', 'bestAskSize': '0.09831915', 'bestBid': '100954.7', 'bestBidSize': '0.91929646', 'price': '100954.7', 'sequence': '15688579009', 'size': '0.00191947', 'time': 1734200069605}}
2024-12-14 19:14:31,809 - INFO - KuCoin message received: {'topic': '/market/ticker:BTC-USDT', 'type': 'message', 'subject': 'trade.ticker', 'data': {'bestAsk': '100954.8', 'bestAskSize': '0.09831915', 'bestBid': '100954.7', 'bestBidSize': '0.91929646', 'price': '100954.7', 'sequence': '15688579023', 'size': '0.00191947', 'time': 1734200069605}}
2024-12-14 19:14:32,009 - INFO - XT.com message received: {'topic': 'depth_update', 'event': 'depth_update@btc_usdt', 'data': {'s': 'btc_usdt', 'fi': 1734180191902, 'i': 1734180191917, 'a': [['100955.26', '0.00398'], ['100955.59', '0.37134'], ['100955.74', '0.00000'], ['100956.66', '0.00000'], ['100957.00', '0.49904'], ['100959.48', '0.01983'], ['100959.60', '0.00000']], 'b': [['100954.24', '0.00061'], ['100953.55', '0.00000'], ['100953.49', '0.17539'], ['100948.34', '0.00000'], ['100947.96', '0.39322'], ['100946.60', '0.13331'], ['100946.57', '0.00000']]}}
2024-12-14 19:14:32,089 - INFO - KuCoin message received: {'topic': '/market/ticker:BTC-USDT', 'type': 'message', 'subject': 'trade.ticker', 'data': {'bestAsk': '100954.8', 'bestAskSize': '0.09831915', 'bestBid': '100954.7', 'bestBidSize': '0.91929646', 'price': '100954.7', 'sequence': '15688579032', 'size': '0.00191947', 'time': 1734200069605}}
2024-12-14 19:14:32,089 - INFO - KuCoin message received: {'topic': '/market/ticker:BTC-USDT', 'type': 'message', 'subject': 'trade.ticker', 'data': {'bestAsk': '100954.8', 'bestAskSize': '0.09831915', 'bestBid': '100954.7', 'bestBidSize': '0.91929646', 'price': '100954.7', 'sequence': '15688579039', 'size': '0.00191947', 'time': 1734200069605}}
2024-12-14 19:14:32,090 - INFO - KuCoin message received: {'topic': '/market/ticker:BTC-USDT', 'type': 'message', 'subject': 'trade.ticker', 'data': {'bestAsk': '100954.8', 'bestAskSize': '0.09831915', 'bestBid': '100954.7', 'bestBidSize': '0.91929646', 'price': '100954.7', 'sequence': '15688579040', 'size': '0.00191947', 'time': 1734200069605}}
2024-12-14 19:14:32,420 - INFO - KuCoin message received: {'topic': '/market/ticker:BTC-USDT', 'type': 'message', 'subject': 'trade.ticker', 'data': {'bestAsk': '100954.8', 'bestAskSize': '0.09831915', 'bestBid': '100954.7', 'bestBidSize': '0.91929646', 'price': '100954.7', 'sequence': '15688579045', 'size': '0.00191947', 'time': 1734200069605}}
2024-12-14 19:14:32,422 - INFO - KuCoin message received: {'topic': '/market/ticker:BTC-USDT', 'type': 'message', 'subject': 'trade.ticker', 'data': {'bestAsk': '100954.8', 'bestAskSize': '0.09831915', 'bestBid': '100954.7', 'bestBidSize': '0.91929646', 'price': '100954.7', 'sequence': '15688579051', 'size': '0.00191947', 'time': 1734200069605}}
2024-12-14 19:14:32,423 - INFO - KuCoin message received: {'topic': '/market/ticker:BTC-USDT', 'type': 'message', 'subject': 'trade.ticker', 'data': {'bestAsk': '100954.8', 'bestAskSize': '0.09831915', 'bestBid': '100954.7', 'bestBidSize': '0.91929646', 'price': '100954.7', 'sequence': '15688579057', 'size': '0.00191947', 'time': 1734200069605}}
2024-12-14 19:14:32,450 - INFO - XT.com message received: {'topic': 'depth_update', 'event': 'depth_update@btc_usdt', 'data': {'s': 'btc_usdt', 'fi': 1734180191918, 'i': 1734180191929, 'a': [['100955.26', '0.00494'], ['100955.59', '0.00000'], ['100956.01', '0.49757']], 'b': [['100954.24', '0.00090'], ['100953.83', '0.23020'], ['100953.49', '0.00000'], ['100953.07', '0.12622'], ['100952.99', '0.00000'], ['100951.79', '0.00000'], ['100951.45', '0.01737']]}}
2024-12-14 19:14:32,730 - INFO - KuCoin message received: {'topic': '/market/ticker:BTC-USDT', 'type': 'message', 'subject': 'trade.ticker', 'data': {'bestAsk': '100954.8', 'bestAskSize': '0.09831915', 'bestBid': '100954.7', 'bestBidSize': '0.91929646', 'price': '100954.7', 'sequence': '15688579075', 'size': '0.00191947', 'time': 1734200069605}}
2024-12-14 19:14:32,731 - INFO - KuCoin message received: {'topic': '/market/ticker:BTC-USDT', 'type': 'message', 'subject': 'trade.ticker', 'data': {'bestAsk': '100954.8', 'bestAskSize': '0.09831915', 'bestBid': '100954.7', 'bestBidSize': '0.91929646', 'price': '100954.7', 'sequence': '15688579081', 'size': '0.00191947', 'time': 1734200069605}}
2024-12-14 19:14:33,035 - INFO - XT.com message received: {'topic': 'depth_update', 'event': 'depth_update@btc_usdt', 'data': {'s': 'btc_usdt', 'fi': 1734180191930, 'i': 1734180191939, 'a': [['100955.26', '0.00257'], ['100955.87', '0.15307'], ['100955.95', '0.00000'], ['100956.01', '0.00000']], 'b': [['100954.24', '0.00231'], ['100953.83', '0.00000'], ['100953.78', '0.54213']]}}
2024-12-14 19:14:33,037 - INFO - KuCoin message received: {'topic': '/market/ticker:BTC-USDT', 'type': 'message', 'subject': 'trade.ticker', 'data': {'bestAsk': '100954.8', 'bestAskSize': '0.09831915', 'bestBid': '100954.7', 'bestBidSize': '0.91929646', 'price': '100954.7', 'sequence': '15688579087', 'size': '0.00191947', 'time': 1734200069605}}
2024-12-14 19:14:33,038 - INFO - KuCoin message received: {'topic': '/market/ticker:BTC-USDT', 'type': 'message', 'subject': 'trade.ticker', 'data': {'bestAsk': '100954.8', 'bestAskSize': '0.09831915', 'bestBid': '100954.7', 'bestBidSize': '0.91929646', 'price': '100954.7', 'sequence': '15688579102', 'size': '0.00191947', 'time': 1734200069605}}
2024-12-14 19:14:33,444 - INFO - KuCoin message received: {'topic': '/market/ticker:BTC-USDT', 'type': 'message', 'subject': 'trade.ticker', 'data': {'bestAsk': '100954.8', 'bestAskSize': '0.09831915', 'bestBid': '100954.7', 'bestBidSize': '0.91929646', 'price': '100954.7', 'sequence': '15688579104', 'size': '0.00191947', 'time': 1734200069605}}
2024-12-14 19:14:33,445 - INFO - KuCoin message received: {'topic': '/market/ticker:BTC-USDT', 'type': 'message', 'subject': 'trade.ticker', 'data': {'bestAsk': '100954.8', 'bestAskSize': '0.09831915', 'bestBid': '100954.7', 'bestBidSize': '0.91929646', 'price': '100954.7', 'sequence': '15688579113', 'size': '0.00191947', 'time': 1734200069605}}
2024-12-14 19:14:33,447 - INFO - KuCoin message received: {'topic': '/market/ticker:BTC-USDT', 'type': 'message', 'subject': 'trade.ticker', 'data': {'bestAsk': '100954.8', 'bestAskSize': '0.09831915', 'bestBid': '100954.7', 'bestBidSize': '0.91929646', 'price': '100954.7', 'sequence': '15688579118', 'size': '0.00191947', 'time': 1734200069605}}
2024-12-14 19:14:33,448 - INFO - KuCoin message received: {'topic': '/market/ticker:BTC-USDT', 'type': 'message', 'subject': 'trade.ticker', 'data': {'bestAsk': '100954.8', 'bestAskSize': '0.09831915', 'bestBid': '100954.7', 'bestBidSize': '0.91929646', 'price': '100954.7', 'sequence': '15688579129', 'size': '0.00191947', 'time': 1734200069605}}
2024-12-14 19:14:33,648 - INFO - XT.com message received: {'topic': 'depth_update', 'event': 'depth_update@btc_usdt', 'data': {'s': 'btc_usdt', 'fi': 1734180191940, 'i': 1734180191949, 'a': [['100955.26', '0.00000'], ['100955.27', '0.00112'], ['100955.61', '0.29605'], ['100955.87', '0.00000']], 'b': [['100954.25', '0.00389'], ['100954.24', '0.00000'], ['100951.43', '0.30920'], ['100951.14', '0.00000'], ['100946.66', '0.29241'], ['100946.60', '0.00000']]}}
2024-12-14 19:14:33,721 - INFO - KuCoin message received: {'topic': '/market/ticker:BTC-USDT', 'type': 'message', 'subject': 'trade.ticker', 'data': {'bestAsk': '100954.8', 'bestAskSize': '0.09831915', 'bestBid': '100954.7', 'bestBidSize': '0.91929646', 'price': '100954.7', 'sequence': '15688579133', 'size': '0.00191947', 'time': 1734200069605}}
2024-12-14 19:14:33,723 - INFO - KuCoin message received: {'topic': '/market/ticker:BTC-USDT', 'type': 'message', 'subject': 'trade.ticker', 'data': {'bestAsk': '100954.8', 'bestAskSize': '0.09831915', 'bestBid': '100954.7', 'bestBidSize': '0.91929646', 'price': '100954.7', 'sequence': '15688579146', 'size': '0.00191947', 'time': 1734200069605}}
2024-12-14 19:14:34,058 - INFO - XT.com message received: {'topic': 'depth_update', 'event': 'depth_update@btc_usdt', 'data': {'s': 'btc_usdt', 'fi': 1734180191950, 'i': 1734180191959, 'a': [['100955.27', '0.00473'], ['100955.56', '0.15464'], ['100955.61', '0.00000'], ['100957.71', '0.00000'], ['100957.81', '0.45361']], 'b': [['100954.25', '0.00179'], ['100953.93', '0.40970'], ['100953.78', '0.00000']]}}
2024-12-14 19:14:34,060 - INFO - KuCoin message received: {'topic': '/market/ticker:BTC-USDT', 'type': 'message', 'subject': 'trade.ticker', 'data': {'bestAsk': '100954.8', 'bestAskSize': '0.09831915', 'bestBid': '100954.7', 'bestBidSize': '0.91929646', 'price': '100954.7', 'sequence': '15688579154', 'size': '0.00191947', 'time': 1734200069605}}
2024-12-14 19:14:34,062 - INFO - KuCoin message received: {'topic': '/market/ticker:BTC-USDT', 'type': 'message', 'subject': 'trade.ticker', 'data': {'bestAsk': '100954.8', 'bestAskSize': '0.09831915', 'bestBid': '100954.7', 'bestBidSize': '0.91929646', 'price': '100954.7', 'sequence': '15688579160', 'size': '0.00191947', 'time': 1734200069605}}
2024-12-14 19:14:34,468 - INFO - KuCoin message received: {'topic': '/market/ticker:BTC-USDT', 'type': 'message', 'subject': 'trade.ticker', 'data': {'bestAsk': '100954.8', 'bestAskSize': '0.09831915', 'bestBid': '100954.7', 'bestBidSize': '0.91929646', 'price': '100954.7', 'sequence': '15688579165', 'size': '0.00191947', 'time': 1734200069605}}
2024-12-14 19:14:34,469 - INFO - KuCoin message received: {'topic': '/market/ticker:BTC-USDT', 'type': 'message', 'subject': 'trade.ticker', 'data': {'bestAsk': '100954.8', 'bestAskSize': '0.09831915', 'bestBid': '100954.7', 'bestBidSize': '0.91929646', 'price': '100954.7', 'sequence': '15688579168', 'size': '0.00191947', 'time': 1734200069605}}
2024-12-14 19:14:34,470 - INFO - KuCoin message received: {'topic': '/market/ticker:BTC-USDT', 'type': 'message', 'subject': 'trade.ticker', 'data': {'bestAsk': '100954.8', 'bestAskSize': '0.04601816', 'bestBid': '100954.7', 'bestBidSize': '0.91929646', 'price': '100954.8', 'sequence': '15688579174', 'size': '0.04047455', 'time': 1734200074226}}
2024-12-14 19:14:34,569 - INFO - XT.com message received: {'topic': 'depth_update', 'event': 'depth_update@btc_usdt', 'data': {'s': 'btc_usdt', 'fi': 1734180191960, 'i': 1734180191969, 'a': [['100955.27', '0.00347'], ['100955.56', '0.00000'], ['100955.68', '0.08647'], ['100961.61', '0.09971'], ['100961.62', '0.00000']], 'b': [['100954.25', '0.00279'], ['100953.96', '0.21142'], ['100953.93', '0.00000']]}}
2024-12-14 19:14:34,775 - INFO - KuCoin message received: {'topic': '/market/ticker:BTC-USDT', 'type': 'message', 'subject': 'trade.ticker', 'data': {'bestAsk': '100954.8', 'bestAskSize': '0.04601816', 'bestBid': '100954.7', 'bestBidSize': '0.91929646', 'price': '100954.8', 'sequence': '15688579176', 'size': '0.04047455', 'time': 1734200074226}}
2024-12-14 19:14:34,776 - INFO - KuCoin message received: {'topic': '/market/ticker:BTC-USDT', 'type': 'message', 'subject': 'trade.ticker', 'data': {'bestAsk': '100954.8', 'bestAskSize': '0.04601816', 'bestBid': '100954.7', 'bestBidSize': '0.91929646', 'price': '100954.8', 'sequence': '15688579177', 'size': '0.04047455', 'time': 1734200074226}}
2024-12-14 19:14:34,777 - INFO - KuCoin message received: {'topic': '/market/ticker:BTC-USDT', 'type': 'message', 'subject': 'trade.ticker', 'data': {'bestAsk': '100954.8', 'bestAskSize': '0.04601816', 'bestBid': '100954.7', 'bestBidSize': '0.91929646', 'price': '100954.8', 'sequence': '15688579189', 'size': '0.04047455', 'time': 1734200074226}}
2024-12-14 19:14:35,083 - INFO - KuCoin message received: {'topic': '/market/ticker:BTC-USDT', 'type': 'message', 'subject': 'trade.ticker', 'data': {'bestAsk': '100954.8', 'bestAskSize': '0.04601816', 'bestBid': '100954.7', 'bestBidSize': '0.91929646', 'price': '100954.8', 'sequence': '15688579192', 'size': '0.04047455', 'time': 1734200074226}}
2024-12-14 19:14:35,084 - INFO - KuCoin message received: {'topic': '/market/ticker:BTC-USDT', 'type': 'message', 'subject': 'trade.ticker', 'data': {'bestAsk': '100954.8', 'bestAskSize': '0.04601816', 'bestBid': '100954.7', 'bestBidSize': '0.91929646', 'price': '100954.8', 'sequence': '15688579200', 'size': '0.04047455', 'time': 1734200074226}}
2024-12-14 19:14:35,085 - INFO - XT.com message received: {'topic': 'depth_update', 'event': 'depth_update@btc_usdt', 'data': {'s': 'btc_usdt', 'fi': 1734180191970, 'i': 1734180191983, 'a': [['100955.27', '0.00050'], ['100955.68', '0.00000'], ['100956.03', '0.00387'], ['100958.25', '0.09278'], ['100958.49', '0.00000']], 'b': [['100954.25', '0.00095'], ['100953.96', '0.00000'], ['100953.54', '0.22404'], ['100948.51', '0.32729'], ['100948.48', '0.00000'], ['100947.18', '0.00000'], ['100947.07', '0.15943']]}}
2024-12-14 19:14:35,449 - INFO - KuCoin message received: {'topic': '/market/ticker:BTC-USDT', 'type': 'message', 'subject': 'trade.ticker', 'data': {'bestAsk': '100954.8', 'bestAskSize': '0.04601816', 'bestBid': '100954.7', 'bestBidSize': '0.91929646', 'price': '100954.8', 'sequence': '15688579207', 'size': '0.04047455', 'time': 1734200074226}}
2024-12-14 19:14:35,450 - INFO - KuCoin message received: {'topic': '/market/ticker:BTC-USDT', 'type': 'message', 'subject': 'trade.ticker', 'data': {'bestAsk': '100954.8', 'bestAskSize': '0.04601816', 'bestBid': '100954.7', 'bestBidSize': '0.91929646', 'price': '100954.8', 'sequence': '15688579218', 'size': '0.04047455', 'time': 1734200074226}}
2024-12-14 19:14:35,451 - INFO - KuCoin message received: {'topic': '/market/ticker:BTC-USDT', 'type': 'message', 'subject': 'trade.ticker', 'data': {'bestAsk': '100954.8', 'bestAskSize': '0.04601816', 'bestBid': '100954.7', 'bestBidSize': '0.91929646', 'price': '100954.8', 'sequence': '15688579224', 'size': '0.04047455', 'time': 1734200074226}}
2024-12-14 19:14:35,549 - INFO - XT.com message received: {'topic': 'depth_update', 'event': 'depth_update@btc_usdt', 'data': {'s': 'btc_usdt', 'fi': 1734180191984, 'i': 1734180191993, 'a': [['100955.27', '0.00397'], ['100955.55', '0.27647'], ['100956.03', '0.00000'], ['100957.11', '0.47769'], ['100957.24', '0.00000']], 'b': [['100954.25', '0.00485'], ['100953.55', '0.24220'], ['100953.54', '0.00000']]}}
2024-12-14 19:14:35,741 - INFO - KuCoin message received: {'topic': '/market/ticker:BTC-USDT', 'type': 'message', 'subject': 'trade.ticker', 'data': {'bestAsk': '100954.8', 'bestAskSize': '0.04601816', 'bestBid': '100954.7', 'bestBidSize': '0.91929646', 'price': '100954.8', 'sequence': '15688579226', 'size': '0.04047455', 'time': 1734200074226}}
2024-12-14 19:14:35,742 - INFO - KuCoin message received: {'topic': '/market/ticker:BTC-USDT', 'type': 'message', 'subject': 'trade.ticker', 'data': {'bestAsk': '100954.8', 'bestAskSize': '0.04601816', 'bestBid': '100954.7', 'bestBidSize': '0.91929646', 'price': '100954.8', 'sequence': '15688579227', 'size': '0.04047455', 'time': 1734200074226}}
2024-12-14 19:14:35,744 - INFO - KuCoin message received: {'topic': '/market/ticker:BTC-USDT', 'type': 'message', 'subject': 'trade.ticker', 'data': {'bestAsk': '100954.8', 'bestAskSize': '0.04601816', 'bestBid': '100954.7', 'bestBidSize': '0.91929646', 'price': '100954.8', 'sequence': '15688579230', 'size': '0.04047455', 'time': 1734200074226}}
2024-12-14 19:14:36,021 - INFO - KuCoin message received: {'topic': '/market/ticker:BTC-USDT', 'type': 'message', 'subject': 'trade.ticker', 'data': {'bestAsk': '100954.8', 'bestAskSize': '0.04517656', 'bestBid': '100954.7', 'bestBidSize': '0.91929646', 'price': '100954.8', 'sequence': '15688579244', 'size': '0.0008416', 'time': 1734200075536}}
2024-12-14 19:14:36,023 - INFO - KuCoin message received: {'topic': '/market/ticker:BTC-USDT', 'type': 'message', 'subject': 'trade.ticker', 'data': {'bestAsk': '100954.8', 'bestAskSize': '0.04517656', 'bestBid': '100954.7', 'bestBidSize': '1.16332946', 'price': '100954.8', 'sequence': '15688579266', 'size': '0.0008416', 'time': 1734200075536}}
2024-12-14 19:14:36,024 - INFO - KuCoin message received: {'topic': '/market/ticker:BTC-USDT', 'type': 'message', 'subject': 'trade.ticker', 'data': {'bestAsk': '100954.8', 'bestAskSize': '0.04517656', 'bestBid': '100954.7', 'bestBidSize': '1.16332946', 'price': '100954.8', 'sequence': '15688579268', 'size': '0.0008416', 'time': 1734200075536}}
2024-12-14 19:14:36,053 - INFO - XT.com message received: {'topic': 'depth_update', 'event': 'depth_update@btc_usdt', 'data': {'s': 'btc_usdt', 'fi': 1734180191994, 'i': 1734180192003, 'a': [['100955.26', '0.00091'], ['100955.27', '0.00000'], ['100956.95', '0.34648'], ['100957.00', '0.00000'], ['100958.23', '0.01190'], ['100958.25', '0.00000']], 'b': [['100954.25', '0.00000'], ['100954.24', '0.00419'], ['100953.76', '0.02771'], ['100953.55', '0.00000']]}}
2024-12-14 19:14:36,311 - INFO - KuCoin message received: {'topic': '/market/ticker:BTC-USDT', 'type': 'message', 'subject': 'trade.ticker', 'data': {'bestAsk': '100954.8', 'bestAskSize': '0.04517656', 'bestBid': '100954.7', 'bestBidSize': '1.16332946', 'price': '100954.8', 'sequence': '15688579275', 'size': '0.0008416', 'time': 1734200075536}}
2024-12-14 19:14:36,312 - INFO - KuCoin message received: {'topic': '/market/ticker:BTC-USDT', 'type': 'message', 'subject': 'trade.ticker', 'data': {'bestAsk': '100954.8', 'bestAskSize': '0.04517656', 'bestBid': '100954.7', 'bestBidSize': '1.16332946', 'price': '100954.8', 'sequence': '15688579292', 'size': '0.0008416', 'time': 1734200075536}}
2024-12-14 19:14:36,618 - INFO - KuCoin message received: {'topic': '/market/ticker:BTC-USDT', 'type': 'message', 'subject': 'trade.ticker', 'data': {'bestAsk': '100954.8', 'bestAskSize': '0.04517656', 'bestBid': '100954.7', 'bestBidSize': '1.16332946', 'price': '100954.8', 'sequence': '15688579295', 'size': '0.0008416', 'time': 1734200075536}}
2024-12-14 19:14:36,620 - INFO - KuCoin message received: {'topic': '/market/ticker:BTC-USDT', 'type': 'message', 'subject': 'trade.ticker', 'data': {'bestAsk': '100954.8', 'bestAskSize': '0.04516667', 'bestBid': '100954.7', 'bestBidSize': '1.16332946', 'price': '100954.8', 'sequence': '15688579300', 'size': '0.00000989', 'time': 1734200076285}}
2024-12-14 19:14:36,621 - INFO - XT.com message received: {'topic': 'depth_update', 'event': 'depth_update@btc_usdt', 'data': {'s': 'btc_usdt', 'fi': 1734180192004, 'i': 1734180192013, 'a': [['100955.26', '0.00000'], ['100955.27', '0.00489'], ['100955.55', '0.00000'], ['100955.80', '0.32434'], ['100957.78', '0.34946'], ['100957.81', '0.00000']], 'b': [['100954.25', '0.00349'], ['100954.24', '0.00000'], ['100953.17', '0.15337'], ['100953.07', '0.00000']]}}
2024-12-14 19:14:36,925 - INFO - KuCoin message received: {'topic': '/market/ticker:BTC-USDT', 'type': 'message', 'subject': 'trade.ticker', 'data': {'bestAsk': '100954.8', 'bestAskSize': '0.04516667', 'bestBid': '100954.7', 'bestBidSize': '1.16332946', 'price': '100954.8', 'sequence': '15688579313', 'size': '0.00000989', 'time': 1734200076285}}
2024-12-14 19:14:36,927 - INFO - KuCoin message received: {'topic': '/market/ticker:BTC-USDT', 'type': 'message', 'subject': 'trade.ticker', 'data': {'bestAsk': '100954.8', 'bestAskSize': '0.04516667', 'bestBid': '100954.7', 'bestBidSize': '1.16332946', 'price': '100954.8', 'sequence': '15688579325', 'size': '0.00000989', 'time': 1734200076285}}
2024-12-14 19:14:36,928 - INFO - KuCoin message received: {'topic': '/market/ticker:BTC-USDT', 'type': 'message', 'subject': 'trade.ticker', 'data': {'bestAsk': '100954.8', 'bestAskSize': '0.04516667', 'bestBid': '100954.7', 'bestBidSize': '1.16332946', 'price': '100954.8', 'sequence': '15688579336', 'size': '0.00000989', 'time': 1734200076285}}
2024-12-14 19:14:37,153 - INFO - XT.com message received: {'topic': 'depth_update', 'event': 'depth_update@btc_usdt', 'data': {'s': 'btc_usdt', 'fi': 1734180192014, 'i': 1734180192029, 'a': [['100955.26', '0.00020'], ['100955.27', '0.00000'], ['100958.89', '0.00000'], ['100959.06', '0.18837'], ['100960.30', '0.23046'], ['100960.41', '0.00000']], 'b': [['100954.25', '0.00000'], ['100954.24', '0.00135'], ['100953.81', '0.51787'], ['100953.76', '0.00000'], ['100952.76', '0.16113'], ['100952.73', '0.00000'], ['100951.55', '0.44003'], ['100951.45', '0.00000'], ['100950.86', '0.00000'], ['100950.61', '0.31312']]}}
2024-12-14 19:14:37,202 - INFO - KuCoin message received: {'topic': '/market/ticker:BTC-USDT', 'type': 'message', 'subject': 'trade.ticker', 'data': {'bestAsk': '100954.8', 'bestAskSize': '0.03032099', 'bestBid': '100954.7', 'bestBidSize': '1.16332946', 'price': '100954.8', 'sequence': '15688579351', 'size': '0.00000989', 'time': 1734200076285}}
2024-12-14 19:14:37,203 - INFO - KuCoin message received: {'topic': '/market/ticker:BTC-USDT', 'type': 'message', 'subject': 'trade.ticker', 'data': {'bestAsk': '100954.8', 'bestAskSize': '0.02931972', 'bestBid': '100954.7', 'bestBidSize': '1.23377869', 'price': '100954.8', 'sequence': '15688579461', 'size': '0.00100127', 'time': 1734200076804}}
2024-12-14 19:14:37,204 - INFO - KuCoin message received: {'topic': '/market/ticker:BTC-USDT', 'type': 'message', 'subject': 'trade.ticker', 'data': {'bestAsk': '100954.8', 'bestAskSize': '0.0256997', 'bestBid': '100954.7', 'bestBidSize': '1.23377869', 'price': '100954.8', 'sequence': '15688579509', 'size': '0.00362002', 'time': 1734200076959}}
2024-12-14 19:14:37,480 - INFO - KuCoin message received: {'topic': '/market/ticker:BTC-USDT', 'type': 'message', 'subject': 'trade.ticker', 'data': {'bestAsk': '100961.3', 'bestAskSize': '0.09903083', 'bestBid': '100961.2', 'bestBidSize': '1.41526366', 'price': '100954.8', 'sequence': '15688579631', 'size': '0.00362002', 'time': 1734200076959}}
2024-12-14 19:14:37,481 - INFO - KuCoin message received: {'topic': '/market/ticker:BTC-USDT', 'type': 'message', 'subject': 'trade.ticker', 'data': {'bestAsk': '100968.2', 'bestAskSize': '0.09903083', 'bestBid': '100968.1', 'bestBidSize': '0.93290222', 'price': '100954.8', 'sequence': '15688579767', 'size': '0.00362002', 'time': 1734200076959}}
2024-12-14 19:14:37,745 - INFO - XT.com message received: {'topic': 'depth_update', 'event': 'depth_update@btc_usdt', 'data': {'s': 'btc_usdt', 'fi': 1734180192030, 'i': 1734180192149, 'a': [['100955.26', '0.00000'], ['100955.80', '0.00000'], ['100956.07', '0.00000'], ['100956.95', '0.00000'], ['100957.11', '0.00000'], ['100957.78', '0.00000'], ['100958.23', '0.00000'], ['100959.06', '0.00000'], ['100959.48', '0.00000'], ['100959.83', '0.00000'], ['100960.30', '0.00000'], ['100961.08', '0.00000'], ['100961.61', '0.00000'], ['100961.73', '0.00000'], ['100962.30', '0.00000'], ['100963.09', '0.00000'], ['100963.49', '0.00000'], ['100963.83', '0.00000'], ['100964.26', '0.00000'], ['100964.74', '0.00000'], ['100965.44', '0.00000'], ['100966.23', '0.00000'], ['100966.45', '0.00000'], ['100966.88', '0.00000'], ['100967.36', '0.00000'], ['100968.14', '0.00000'], ['100968.28', '0.00000'], ['100968.40', '0.00289'], ['100968.96', '0.33851'], ['100969.25', '0.00000'], ['100971.85', '0.36704'], ['100972.06', '0.00000'], ['100975.73', '0.01719'], ['100975.88', '0.00000'], ['101210.15', '0.15683'], ['101210.62', '0.30392'], ['101211.13', '0.28909'], ['101211.57', '0.15798'], ['101212.14', '0.18853'], ['101212.75', '0.47064'], ['101213.30', '0.32038'], ['101213.91', '0.40878'], ['101214.43', '0.43267'], ['101215.01', '0.25476'], ['101215.36', '0.53191'], ['101216.09', '0.33818'], ['101216.29', '0.27431'], ['101216.75', '0.39471'], ['101217.41', '0.38813'], ['101217.74', '0.32813'], ['101218.28', '0.16625'], ['101219.11', '0.13880'], ['101219.57', '0.42033'], ['101219.97', '0.31552'], ['101220.54', '0.44728'], ['101221.12', '0.32195'], ['101221.31', '0.12671'], ['101222.20', '0.06459'], ['101222.70', '0.22628'], ['101223.15', '0.30740']], 'b': [['100967.38', '0.00011'], ['100966.90', '0.50050'], ['100966.71', '0.39567'], ['100965.83', '0.31801'], ['100965.71', '0.17448'], ['100964.96', '0.36910'], ['100964.52', '0.24947'], ['100964.01', '0.50414'], ['100963.49', '0.05025'], ['100963.18', '0.00000'], ['100962.91', '0.10611'], ['100962.61', '0.20730'], ['100962.05', '0.16887'], ['100961.34', '0.00000'], ['100961.19', '0.30051'], ['100960.95', '0.16926'], ['100960.22', '0.00000'], ['100960.12', '0.46657'], ['100959.93', '0.12860'], ['100959.56', '0.27312'], ['100958.93', '0.11964'], ['100958.18', '0.31756'], ['100957.61', '0.27719'], ['100957.55', '0.14451'], ['100956.70', '0.53173'], ['100956.34', '0.01844'], ['100955.94', '0.30291'], ['100955.52', '0.00300'], ['100954.93', '0.24975'], ['100954.49', '0.44034'], ['100954.24', '0.00000'], ['100712.51', '0.00000'], ['100711.86', '0.00000'], ['100711.49', '0.00000'], ['100711.08', '0.00000'], ['100710.46', '0.00000'], ['100709.83', '0.00000'], ['100709.33', '0.00000'], ['100708.92', '0.00000'], ['100708.64', '0.00000'], ['100707.91', '0.00000'], ['100707.31', '0.00000'], ['100706.80', '0.00000'], ['100706.56', '0.00000'], ['100706.11', '0.00000'], ['100705.33', '0.00000'], ['100704.69', '0.00000'], ['100704.48', '0.00000'], ['100703.83', '0.00000'], ['100703.45', '0.00000'], ['100703.02', '0.00000'], ['100702.41', '0.00000'], ['100701.60', '0.00000'], ['100701.16', '0.00000'], ['100700.83', '0.00000'], ['100700.11', '0.00000'], ['100699.65', '0.00000']]}}
2024-12-14 19:14:37,765 - INFO - KuCoin message received: {'topic': '/market/ticker:BTC-USDT', 'type': 'message', 'subject': 'trade.ticker', 'data': {'bestAsk': '100970.1', 'bestAskSize': '0.01484568', 'bestBid': '100970', 'bestBidSize': '0.58253947', 'price': '100969.9', 'sequence': '15688579909', 'size': '0.00191947', 'time': 1734200077231}}
2024-12-14 19:14:37,766 - INFO - KuCoin message received: {'topic': '/market/ticker:BTC-USDT', 'type': 'message', 'subject': 'trade.ticker', 'data': {'bestAsk': '100970.1', 'bestAskSize': '0.01484568', 'bestBid': '100970', 'bestBidSize': '0.58253947', 'price': '100969.9', 'sequence': '15688579936', 'size': '0.00191947', 'time': 1734200077231}}
2024-12-14 19:14:37,767 - INFO - KuCoin message received: {'topic': '/market/ticker:BTC-USDT', 'type': 'message', 'subject': 'trade.ticker', 'data': {'bestAsk': '100970.1', 'bestAskSize': '0.01484568', 'bestBid': '100970', 'bestBidSize': '0.58253947', 'price': '100969.9', 'sequence': '15688579958', 'size': '0.00191947', 'time': 1734200077231}}
2024-12-14 19:14:38,052 - INFO - KuCoin message received: {'topic': '/market/ticker:BTC-USDT', 'type': 'message', 'subject': 'trade.ticker', 'data': {'bestAsk': '100970.1', 'bestAskSize': '0.01484568', 'bestBid': '100970', 'bestBidSize': '0.58909777', 'price': '100969.9', 'sequence': '15688579965', 'size': '0.00191947', 'time': 1734200077231}}
2024-12-14 19:14:38,053 - INFO - KuCoin message received: {'topic': '/market/ticker:BTC-USDT', 'type': 'message', 'subject': 'trade.ticker', 'data': {'bestAsk': '100970.1', 'bestAskSize': '0.01484568', 'bestBid': '100970', 'bestBidSize': '0.58909777', 'price': '100969.9', 'sequence': '15688579970', 'size': '0.00191947', 'time': 1734200077231}}
2024-12-14 19:14:38,055 - INFO - KuCoin message received: {'topic': '/market/ticker:BTC-USDT', 'type': 'message', 'subject': 'trade.ticker', 'data': {'bestAsk': '100970.1', 'bestAskSize': '0.01484568', 'bestBid': '100970', 'bestBidSize': '0.58909777', 'price': '100969.9', 'sequence': '15688579971', 'size': '0.00191947', 'time': 1734200077231}}
2024-12-14 19:14:38,504 - INFO - KuCoin message received: {'topic': '/market/ticker:BTC-USDT', 'type': 'message', 'subject': 'trade.ticker', 'data': {'bestAsk': '100970.1', 'bestAskSize': '0.01484568', 'bestBid': '100970', 'bestBidSize': '0.58909777', 'price': '100969.9', 'sequence': '15688579977', 'size': '0.00191947', 'time': 1734200077231}}
2024-12-14 19:14:38,506 - INFO - KuCoin message received: {'topic': '/market/ticker:BTC-USDT', 'type': 'message', 'subject': 'trade.ticker', 'data': {'bestAsk': '100970.1', 'bestAskSize': '0.01484568', 'bestBid': '100970', 'bestBidSize': '0.58909777', 'price': '100969.9', 'sequence': '15688579983', 'size': '0.00191947', 'time': 1734200077231}}
2024-12-14 19:14:38,507 - INFO - KuCoin message received: {'topic': '/market/ticker:BTC-USDT', 'type': 'message', 'subject': 'trade.ticker', 'data': {'bestAsk': '100970.1', 'bestAskSize': '0.01484568', 'bestBid': '100970', 'bestBidSize': '0.58909777', 'price': '100969.9', 'sequence': '15688579993', 'size': '0.00191947', 'time': 1734200077231}}
2024-12-14 19:14:38,508 - INFO - KuCoin message received: {'topic': '/market/ticker:BTC-USDT', 'type': 'message', 'subject': 'trade.ticker', 'data': {'bestAsk': '100970.1', 'bestAskSize': '0.01484568', 'bestBid': '100970', 'bestBidSize': '0.58909777', 'price': '100969.9', 'sequence': '15688579998', 'size': '0.00191947', 'time': 1734200077231}}
2024-12-14 19:14:38,769 - INFO - XT.com message received: {'topic': 'depth_update', 'event': 'depth_update@btc_usdt', 'data': {'s': 'btc_usdt', 'fi': 1734180192150, 'i': 1734180192161, 'a': [['100968.40', '0.00000'], ['100968.41', '0.00209'], ['100968.81', '0.49211'], ['100968.96', '0.00000'], ['100971.85', '0.00000'], ['100971.90', '0.23306'], ['100973.41', '0.27891'], ['100973.56', '0.00000']], 'b': [['100967.39', '0.00014'], ['100967.38', '0.00000'], ['100964.52', '0.00000'], ['100964.26', '0.16271']]}}
2024-12-14 19:14:38,785 - INFO - KuCoin message received: {'topic': '/market/ticker:BTC-USDT', 'type': 'message', 'subject': 'trade.ticker', 'data': {'bestAsk': '100970.1', 'bestAskSize': '0.01484568', 'bestBid': '100970', 'bestBidSize': '0.58909777', 'price': '100969.9', 'sequence': '15688580002', 'size': '0.00191947', 'time': 1734200077231}}
2024-12-14 19:14:38,787 - INFO - KuCoin message received: {'topic': '/market/ticker:BTC-USDT', 'type': 'message', 'subject': 'trade.ticker', 'data': {'bestAsk': '100970.1', 'bestAskSize': '0.01484568', 'bestBid': '100970', 'bestBidSize': '0.58909777', 'price': '100969.9', 'sequence': '15688580010', 'size': '0.00191947', 'time': 1734200077231}}
2024-12-14 19:14:39,177 - INFO - XT.com message received: {'topic': 'depth_update', 'event': 'depth_update@btc_usdt', 'data': {'s': 'btc_usdt', 'fi': 1734180192162, 'i': 1734180192175, 'a': [['100968.40', '0.00178'], ['100968.41', '0.00000'], ['100968.81', '0.00000'], ['100969.20', '0.01344'], ['100974.57', '0.39816'], ['100974.62', '0.00000']], 'b': [['100967.39', '0.00000'], ['100967.38', '0.00099'], ['100966.90', '0.00000'], ['100966.75', '0.56600'], ['100966.71', '0.00000'], ['100966.40', '0.31471'], ['100960.42', '0.04445'], ['100960.12', '0.00000']]}}
2024-12-14 19:14:39,180 - INFO - KuCoin message received: {'topic': '/market/ticker:BTC-USDT', 'type': 'message', 'subject': 'trade.ticker', 'data': {'bestAsk': '100970.1', 'bestAskSize': '0.01484568', 'bestBid': '100970', 'bestBidSize': '0.58909777', 'price': '100969.9', 'sequence': '15688580012', 'size': '0.00191947', 'time': 1734200077231}}
2024-12-14 19:14:39,182 - INFO - KuCoin message received: {'topic': '/market/ticker:BTC-USDT', 'type': 'message', 'subject': 'trade.ticker', 'data': {'bestAsk': '100970.1', 'bestAskSize': '0.01484568', 'bestBid': '100970', 'bestBidSize': '0.58909777', 'price': '100969.9', 'sequence': '15688580031', 'size': '0.00191947', 'time': 1734200077231}}
2024-12-14 19:14:39,184 - INFO - KuCoin message received: {'topic': '/market/ticker:BTC-USDT', 'type': 'message', 'subject': 'trade.ticker', 'data': {'bestAsk': '100970.1', 'bestAskSize': '0.01484568', 'bestBid': '100970', 'bestBidSize': '0.58909777', 'price': '100969.9', 'sequence': '15688580035', 'size': '0.00191947', 'time': 1734200077231}}
2024-12-14 19:14:39,485 - INFO - KuCoin message received: {'topic': '/market/ticker:BTC-USDT', 'type': 'message', 'subject': 'trade.ticker', 'data': {'bestAsk': '100970.1', 'bestAskSize': '0.01484568', 'bestBid': '100970', 'bestBidSize': '0.60890472', 'price': '100969.9', 'sequence': '15688580042', 'size': '0.00191947', 'time': 1734200077231}}
2024-12-14 19:14:39,487 - INFO - KuCoin message received: {'topic': '/market/ticker:BTC-USDT', 'type': 'message', 'subject': 'trade.ticker', 'data': {'bestAsk': '100970.1', 'bestAskSize': '0.01484568', 'bestBid': '100970', 'bestBidSize': '0.60890472', 'price': '100969.9', 'sequence': '15688580060', 'size': '0.00191947', 'time': 1734200077231}}
2024-12-14 19:14:39,488 - INFO - KuCoin message received: {'topic': '/market/ticker:BTC-USDT', 'type': 'message', 'subject': 'trade.ticker', 'data': {'bestAsk': '100970.1', 'bestAskSize': '0.01484568', 'bestBid': '100970', 'bestBidSize': '0.60890472', 'price': '100969.9', 'sequence': '15688580064', 'size': '0.00191947', 'time': 1734200077231}}
2024-12-14 19:14:39,490 - INFO - XT.com message received: {'topic': 'depth_update', 'event': 'depth_update@btc_usdt', 'data': {'s': 'btc_usdt', 'fi': 1734180192176, 'i': 1734180192189, 'a': [['100968.40', '0.00120'], ['100968.85', '0.52698'], ['100969.20', '0.00000'], ['100969.48', '0.01418'], ['100969.69', '0.00000']], 'b': [['100967.38', '0.00440'], ['100967.18', '0.45958'], ['100966.75', '0.00000'], ['100962.91', '0.00000'], ['100962.84', '0.14134'], ['100959.93', '0.00000'], ['100959.84', '0.36579']]}}
2024-12-14 19:14:39,761 - INFO - XT.com message received: {'topic': 'depth_update', 'event': 'depth_update@btc_usdt', 'data': {'s': 'btc_usdt', 'fi': 1734180192190, 'i': 1734180192201, 'a': [['100968.40', '0.00000'], ['100968.41', '0.00210'], ['100968.85', '0.00000'], ['100968.94', '0.07501'], ['100968.95', '0.00000'], ['100971.90', '0.00000'], ['100971.94', '0.40112']], 'b': [['100967.39', '0.00066'], ['100967.38', '0.00000'], ['100962.05', '0.00000'], ['100961.94', '0.20006']]}}
2024-12-14 19:14:39,997 - INFO - KuCoin message received: {'topic': '/market/ticker:BTC-USDT', 'type': 'message', 'subject': 'trade.ticker', 'data': {'bestAsk': '100970.1', 'bestAskSize': '0.01304368', 'bestBid': '100970', 'bestBidSize': '0.60890472', 'price': '100970.1', 'sequence': '15688580085', 'size': '0.001802', 'time': 1734200079313}}
2024-12-14 19:14:39,999 - INFO - KuCoin message received: {'topic': '/market/ticker:BTC-USDT', 'type': 'message', 'subject': 'trade.ticker', 'data': {'bestAsk': '100970.1', 'bestAskSize': '0.01304368', 'bestBid': '100970', 'bestBidSize': '0.60900799', 'price': '100970.1', 'sequence': '15688580096', 'size': '0.001802', 'time': 1734200079313}}
2024-12-14 19:14:40,000 - INFO - KuCoin message received: {'topic': '/market/ticker:BTC-USDT', 'type': 'message', 'subject': 'trade.ticker', 'data': {'bestAsk': '100970.1', 'bestAskSize': '0.01304368', 'bestBid': '100970', 'bestBidSize': '0.60900799', 'price': '100970.1', 'sequence': '15688580099', 'size': '0.001802', 'time': 1734200079313}}
2024-12-14 19:14:40,002 - INFO - KuCoin message received: {'topic': '/market/ticker:BTC-USDT', 'type': 'message', 'subject': 'trade.ticker', 'data': {'bestAsk': '100970.1', 'bestAskSize': '0.01304368', 'bestBid': '100970', 'bestBidSize': '0.60900799', 'price': '100970.1', 'sequence': '15688580106', 'size': '0.001802', 'time': 1734200079313}}
2024-12-14 19:14:40,261 - INFO - XT.com message received: {'topic': 'depth_update', 'event': 'depth_update@btc_usdt', 'data': {'s': 'btc_usdt', 'fi': 1734180192202, 'i': 1734180192213, 'a': [['100968.41', '0.00480'], ['100968.94', '0.00000'], ['100969.05', '0.09940']], 'b': [['100967.39', '0.00424'], ['100967.18', '0.00000'], ['100966.86', '0.49965'], ['100966.40', '0.00000'], ['100966.32', '0.53993'], ['100960.42', '0.00000'], ['100960.25', '0.35770']]}}
2024-12-14 19:14:40,286 - INFO - KuCoin message received: {'topic': '/market/ticker:BTC-USDT', 'type': 'message', 'subject': 'trade.ticker', 'data': {'bestAsk': '100970.1', 'bestAskSize': '0.01304368', 'bestBid': '100970', 'bestBidSize': '0.60900799', 'price': '100970.1', 'sequence': '15688580121', 'size': '0.001802', 'time': 1734200079313}}
2024-12-14 19:14:40,286 - INFO - KuCoin message received: {'topic': '/market/ticker:BTC-USDT', 'type': 'message', 'subject': 'trade.ticker', 'data': {'bestAsk': '100970.1', 'bestAskSize': '0.01304368', 'bestBid': '100970', 'bestBidSize': '0.61892035', 'price': '100970.1', 'sequence': '15688580152', 'size': '0.001802', 'time': 1734200079313}}
2024-12-14 19:14:40,286 - INFO - KuCoin message received: {'topic': '/market/ticker:BTC-USDT', 'type': 'message', 'subject': 'trade.ticker', 'data': {'bestAsk': '100970.1', 'bestAskSize': '0.01304368', 'bestBid': '100970', 'bestBidSize': '0.79593035', 'price': '100970.1', 'sequence': '15688580183', 'size': '0.001802', 'time': 1734200079313}}
2024-12-14 19:14:40,612 - INFO - KuCoin message received: {'topic': '/market/ticker:BTC-USDT', 'type': 'message', 'subject': 'trade.ticker', 'data': {'bestAsk': '100970.1', 'bestAskSize': '0.01304368', 'bestBid': '100970', 'bestBidSize': '0.79593035', 'price': '100970.1', 'sequence': '15688580209', 'size': '0.001802', 'time': 1734200079313}}
2024-12-14 19:14:40,613 - INFO - KuCoin message received: {'topic': '/market/ticker:BTC-USDT', 'type': 'message', 'subject': 'trade.ticker', 'data': {'bestAsk': '100970.1', 'bestAskSize': '0.01304368', 'bestBid': '100970', 'bestBidSize': '0.78601799', 'price': '100970.1', 'sequence': '15688580216', 'size': '0.001802', 'time': 1734200079313}}
2024-12-14 19:14:40,615 - INFO - KuCoin message received: {'topic': '/market/ticker:BTC-USDT', 'type': 'message', 'subject': 'trade.ticker', 'data': {'bestAsk': '100970.1', 'bestAskSize': '0.01304368', 'bestBid': '100970', 'bestBidSize': '0.78601799', 'price': '100970.1', 'sequence': '15688580217', 'size': '0.001802', 'time': 1734200079313}}
2024-12-14 19:14:40,800 - INFO - XT.com message received: {'topic': 'depth_update', 'event': 'depth_update@btc_usdt', 'data': {'s': 'btc_usdt', 'fi': 1734180192214, 'i': 1734180192221, 'a': [['100968.41', '0.00000'], ['100968.49', '0.00218'], ['100968.84', '0.37687'], ['100969.05', '0.00000']], 'b': [['100967.47', '0.00087'], ['100967.39', '0.00000'], ['100959.87', '0.05183'], ['100959.84', '0.00000']]}}
2024-12-14 19:14:41,077 - INFO - KuCoin message received: {'topic': '/market/ticker:BTC-USDT', 'type': 'message', 'subject': 'trade.ticker', 'data': {'bestAsk': '100970.1', 'bestAskSize': '0.01304368', 'bestBid': '100970', 'bestBidSize': '0.78601799', 'price': '100970.1', 'sequence': '15688580231', 'size': '0.001802', 'time': 1734200079313}}
2024-12-14 19:14:41,079 - INFO - KuCoin message received: {'topic': '/market/ticker:BTC-USDT', 'type': 'message', 'subject': 'trade.ticker', 'data': {'bestAsk': '100970.1', 'bestAskSize': '0.01304368', 'bestBid': '100970', 'bestBidSize': '0.78601799', 'price': '100970.1', 'sequence': '15688580240', 'size': '0.001802', 'time': 1734200079313}}
2024-12-14 19:14:41,080 - INFO - KuCoin message received: {'topic': '/market/ticker:BTC-USDT', 'type': 'message', 'subject': 'trade.ticker', 'data': {'bestAsk': '100970.1', 'bestAskSize': '0.01304368', 'bestBid': '100970', 'bestBidSize': '0.78601799', 'price': '100970.1', 'sequence': '15688580254', 'size': '0.001802', 'time': 1734200079313}}
2024-12-14 19:14:41,082 - INFO - KuCoin message received: {'topic': '/market/ticker:BTC-USDT', 'type': 'message', 'subject': 'trade.ticker', 'data': {'bestAsk': '100970.1', 'bestAskSize': '0.01304368', 'bestBid': '100970', 'bestBidSize': '0.78601799', 'price': '100970.1', 'sequence': '15688580266', 'size': '0.001802', 'time': 1734200079313}}
2024-12-14 19:14:41,101 - INFO - KuCoin message received: {'topic': '/market/ticker:BTC-USDT', 'type': 'message', 'subject': 'trade.ticker', 'data': {'bestAsk': '100970.1', 'bestAskSize': '0.01304368', 'bestBid': '100970', 'bestBidSize': '0.78591472', 'price': '100970.1', 'sequence': '15688580278', 'size': '0.001802', 'time': 1734200079313}}
2024-12-14 19:14:41,257 - INFO - XT.com message received: {'topic': 'depth_update', 'event': 'depth_update@btc_usdt', 'data': {'s': 'btc_usdt', 'fi': 1734180192222, 'i': 1734180192236, 'a': [['100968.49', '0.00149'], ['100968.84', '0.00000'], ['100968.93', '0.07247'], ['100969.29', '0.00000'], ['100976.20', '0.00000'], ['100976.25', '0.52102']], 'b': [['100967.47', '0.00159'], ['100967.18', '0.30178'], ['100966.86', '0.00000'], ['100966.09', '0.37010'], ['100965.83', '0.00000']]}}
2024-12-14 19:14:41,431 - INFO - KuCoin message received: {'topic': '/market/ticker:BTC-USDT', 'type': 'message', 'subject': 'trade.ticker', 'data': {'bestAsk': '100970.1', 'bestAskSize': '0.01304368', 'bestBid': '100970', 'bestBidSize': '0.78591472', 'price': '100970.1', 'sequence': '15688580280', 'size': '0.001802', 'time': 1734200079313}}
2024-12-14 19:14:41,433 - INFO - KuCoin message received: {'topic': '/market/ticker:BTC-USDT', 'type': 'message', 'subject': 'trade.ticker', 'data': {'bestAsk': '100970.1', 'bestAskSize': '0.01304368', 'bestBid': '100970', 'bestBidSize': '0.83172472', 'price': '100970.1', 'sequence': '15688580286', 'size': '0.001802', 'time': 1734200079313}}
2024-12-14 19:14:41,738 - INFO - KuCoin message received: {'topic': '/market/ticker:BTC-USDT', 'type': 'message', 'subject': 'trade.ticker', 'data': {'bestAsk': '100970.1', 'bestAskSize': '0.01304368', 'bestBid': '100970', 'bestBidSize': '0.83172472', 'price': '100970.1', 'sequence': '15688580288', 'size': '0.001802', 'time': 1734200079313}}
2024-12-14 19:14:41,740 - INFO - KuCoin message received: {'topic': '/market/ticker:BTC-USDT', 'type': 'message', 'subject': 'trade.ticker', 'data': {'bestAsk': '100970.1', 'bestAskSize': '0.01304368', 'bestBid': '100970', 'bestBidSize': '0.83172472', 'price': '100970.1', 'sequence': '15688580290', 'size': '0.001802', 'time': 1734200079313}}
2024-12-14 19:14:41,742 - INFO - KuCoin message received: {'topic': '/market/ticker:BTC-USDT', 'type': 'message', 'subject': 'trade.ticker', 'data': {'bestAsk': '100970.1', 'bestAskSize': '0.01304368', 'bestBid': '100970', 'bestBidSize': '0.83172472', 'price': '100970.1', 'sequence': '15688580302', 'size': '0.001802', 'time': 1734200079313}}
2024-12-14 19:14:41,744 - INFO - KuCoin message received: {'topic': '/market/ticker:BTC-USDT', 'type': 'message', 'subject': 'trade.ticker', 'data': {'bestAsk': '100970.1', 'bestAskSize': '0.01304368', 'bestBid': '100970', 'bestBidSize': '0.83172472', 'price': '100970.1', 'sequence': '15688580310', 'size': '0.001802', 'time': 1734200079313}}
2024-12-14 19:14:41,755 - INFO - XT.com message received: {'topic': 'depth_update', 'event': 'depth_update@btc_usdt', 'data': {'s': 'btc_usdt', 'fi': 1734180192237, 'i': 1734180192252, 'a': [['100968.49', '0.00267'], ['100968.93', '0.00000'], ['100969.26', '0.07786']], 'b': [['100967.47', '0.00463'], ['100967.18', '0.00000'], ['100967.17', '0.04090'], ['100963.49', '0.00000'], ['100963.48', '0.52161'], ['100962.84', '0.00000'], ['100962.78', '0.31286'], ['100961.94', '0.00000'], ['100961.92', '0.30284'], ['100961.50', '0.17263'], ['100961.19', '0.00000']]}}
